@article{DBLP:journals/jss/OliveiraSAG17,
  author    = {Raphael Pereira de Oliveira and
               Alcemir Rodrigues Santos and
               Eduardo Santana de Almeida and
               Gecynalda Soares da Silva Gomes},
  title     = {Evaluating Lehman's Laws of software evolution within software product
               lines industrial projects},
  journal   = {Journal of Systems and Software},
  volume    = {131},
  pages     = {347--365},
  year      = {2017},
  url       = {https://doi.org/10.1016/j.jss.2016.07.038},
  doi       = {10.1016/j.jss.2016.07.038},
  timestamp = {Sat, 16 Sep 2017 01:00:00 +0200},
  biburl    = {http://dblp.uni-trier.de/rec/bib/journals/jss/OliveiraSAG17},
  bibsource = {dblp computer science bibliography, http://dblp.org}
}

@inproceedings{DBLP:conf/sbcars/SantosMA17,
  author    = {Alcemir Rodrigues Santos and
               Ivan do Carmo Machado and
               Eduardo Santana de Almeida},
  title     = {Aspects influencing feature-oriented software comprehension: observations
               from a focus group},
  booktitle = {Proceedings of the 11th Brazilian Symposium on Software Components,
               Architectures and Reuse, {SBCARS} 2017, Fortaleza, CE, Brazil, September
               18 - 19, 2017},
  pages     = {10:1--10:10},
  year      = {2017},
  crossref  = {DBLP:conf/sbcars/2017},
  url       = {http://doi.acm.org/10.1145/3132498.3133838},
  doi       = {10.1145/3132498.3133838},
  timestamp = {Wed, 13 Sep 2017 16:43:42 +0200},
  biburl    = {http://dblp.uni-trier.de/rec/bib/conf/sbcars/SantosMA17},
  bibsource = {dblp computer science bibliography, http://dblp.org}
}

@inproceedings{DBLP:conf/sbcars/SouzaSMAG16,
  author    = {Magno Lua de Jesus Souza and
               Alcemir Rodrigues Santos and
               Ivan do Carmo Machado and
               Eduardo Santana de Almeida and
               Gecynalda Soares da Silva Gomes},
  title     = {Evaluating Variability Modeling Techniques for Dynamic Software Product
               Lines: {A} Controlled Experiment},
  booktitle = {2016 {X} Brazilian Symposium on Software Components, Architectures
               and Reuse, {SBCARS} 2016, Maring{\'{a}}, Brazil, September 19-20,
               2016},
  pages     = {1--10},
  year      = {2016},
  crossref  = {DBLP:conf/sbcars/2016},
  url       = {https://doi.org/10.1109/SBCARS.2016.15},
  doi       = {10.1109/SBCARS.2016.15},
  timestamp = {Wed, 24 May 2017 01:00:00 +0200},
  biburl    = {http://dblp.uni-trier.de/rec/bib/conf/sbcars/SouzaSMAG16},
  bibsource = {dblp computer science bibliography, http://dblp.org}
}

@inproceedings{DBLP:conf/splc/SantosMA16,
  author    = {Alcemir Rodrigues Santos and
               Ivan do Carmo Machado and
               Eduardo Santana de Almeida},
  title     = {RiPLE-HC: javascript systems meets spl composition},
  booktitle = {Proceedings of the 20th International Systems and Software Product
               Line Conference, {SPLC} 2016, Beijing, China, September 16-23, 2016},
  pages     = {154--163},
  year      = {2016},
  crossref  = {DBLP:conf/splc/2016},
  url       = {http://doi.acm.org/10.1145/2934466.2934486},
  doi       = {10.1145/2934466.2934486},
  timestamp = {Wed, 28 Sep 2016 07:59:47 +0200},
  biburl    = {http://dblp.uni-trier.de/rec/bib/conf/splc/SantosMA16},
  bibsource = {dblp computer science bibliography, http://dblp.org}
}

@inproceedings{DBLP:conf/splc/SantosMA16a,
  author    = {Alcemir Rodrigues Santos and
               Ivan do Carmo Machado and
               Eduardo Santana de Almeida},
  title     = {RiPLE-HC: visual support for features scattering and interactions},
  booktitle = {Proceedings of the 20th International Systems and Software Product
               Line Conference, {SPLC} 2016, Beijing, China, September 16-23, 2016},
  pages     = {320--323},
  year      = {2016},
  crossref  = {DBLP:conf/splc/2016},
  url       = {http://doi.acm.org/10.1145/2934466.2962728},
  doi       = {10.1145/2934466.2962728},
  timestamp = {Wed, 28 Sep 2016 07:59:47 +0200},
  biburl    = {http://dblp.uni-trier.de/rec/bib/conf/splc/SantosMA16a},
  bibsource = {dblp computer science bibliography, http://dblp.org}
}

@article{DBLP:journals/sigsoft/SantosA15,
  author    = {Alcemir Rodrigues Santos and
               Eduardo Santana de Almeida},
  title     = {Do {\#}ifdef-based Variation Points Realize Feature Model Constraints?},
  journal   = {{ACM} {SIGSOFT} Software Engineering Notes},
  volume    = {40},
  number    = {6},
  pages     = {1--5},
  year      = {2015},
  url       = {http://doi.acm.org/10.1145/2830719.2830728},
  doi       = {10.1145/2830719.2830728},
  timestamp = {Mon, 30 Nov 2015 00:00:00 +0100},
  biburl    = {http://dblp.uni-trier.de/rec/bib/journals/sigsoft/SantosA15},
  bibsource = {dblp computer science bibliography, http://dblp.org}
}

@inproceedings{DBLP:conf/ease/SantosOA15,
  author    = {Alcemir Rodrigues Santos and
               Raphael Pereira de Oliveira and
               Eduardo Santana de Almeida},
  title     = {Strategies for consistency checking on software product lines: a mapping
               study},
  booktitle = {Proceedings of the 19th International Conference on Evaluation and
               Assessment in Software Engineering, {EASE} 2015, Nanjing, China, April
               27-29, 2015},
  pages     = {5:1--5:14},
  year      = {2015},
  crossref  = {DBLP:conf/ease/2015},
  url       = {http://doi.acm.org/10.1145/2745802.2745806},
  doi       = {10.1145/2745802.2745806},
  timestamp = {Tue, 30 Jun 2015 01:00:00 +0200},
  biburl    = {http://dblp.uni-trier.de/rec/bib/conf/ease/SantosOA15},
  bibsource = {dblp computer science bibliography, http://dblp.org}
}

@inproceedings{DBLP:conf/splc/Santos15,
  author    = {Alcemir Rodrigues Santos},
  title     = {Understanding hybrid {SPL} composition impact on the refactoring into
               {SPL}},
  booktitle = {Proceedings of the 19th International Conference on Software Product
               Line, {SPLC} 2015, Nashville, TN, USA, July 20-24, 2015},
  pages     = {348--351},
  year      = {2015},
  crossref  = {DBLP:conf/splc/2015},
  url       = {http://doi.acm.org/10.1145/2791060.2796539},
  doi       = {10.1145/2791060.2796539},
  timestamp = {Fri, 14 Aug 2015 09:12:59 +0200},
  biburl    = {http://dblp.uni-trier.de/rec/bib/conf/splc/Santos15},
  bibsource = {dblp computer science bibliography, http://dblp.org}
}

@inproceedings{DBLP:conf/sbcars/ValeCASSMSSA14,
  author    = {Tassio Vale and
               Bruno Cabral and
               Loreno Freitas Matos Alvim and
               Larissa Rocha Soares and
               Alcemir Rodrigues Santos and
               Ivan do Carmo Machado and
               Iuri Santos Souza and
               Ivonei Freitas da Silva and
               Eduardo Santana de Almeida},
  title     = {{SPLICE:} {A} Lightweight Software Product Line Development Process
               for Small and Medium Size Projects},
  booktitle = {Eighth Brazilian Symposium on Software Components, Architectures and
               Reuse, {SBCARS} 2014, Macei{\'{o}}, Alagoas, Brazil, September 29-30,
               2014},
  pages     = {42--52},
  year      = {2014},
  crossref  = {DBLP:conf/sbcars/2014},
  url       = {https://doi.org/10.1109/SBCARS.2014.11},
  doi       = {10.1109/SBCARS.2014.11},
  timestamp = {Wed, 24 May 2017 01:00:00 +0200},
  biburl    = {http://dblp.uni-trier.de/rec/bib/conf/sbcars/ValeCASSMSSA14},
  bibsource = {dblp computer science bibliography, http://dblp.org}
}

@inproceedings{DBLP:conf/vamos/MachadoSCTSA14,
  author    = {Ivan do Carmo Machado and
               Alcemir Rodrigues Santos and
               Yguarat{\~{a}} Cerqueira Cavalcanti and
               Eduardo Gomes Trzan and
               Marcio Magalh{\~{a}}es de Souza and
               Eduardo Santana de Almeida},
  title     = {Low-level variability support for web-based software product lines},
  booktitle = {The Eighth International Workshop on Variability Modelling of Software-intensive
               Systems, VaMoS '14, Sophia Antipolis, France, January 22-24, 2014},
  pages     = {15:1--15:8},
  year      = {2014},
  crossref  = {DBLP:conf/vamos/2014},
  url       = {http://doi.acm.org/10.1145/2556624.2556637},
  doi       = {10.1145/2556624.2556637},
  timestamp = {Thu, 28 May 2015 01:00:00 +0200},
  biburl    = {http://dblp.uni-trier.de/rec/bib/conf/vamos/MachadoSCTSA14},
  bibsource = {dblp computer science bibliography, http://dblp.org}
}

@inproceedings{DBLP:conf/sac/SantosGFN013,
  author    = {Alcemir Rodrigues Santos and
               Felipe Nunes Gaia and
               Eduardo Figueiredo and
               Pedro de Alc{\^{a}}ntara dos Santos Neto and
               Jo{\~{a}}o Ara{\'{u}}jo},
  title     = {Test-based {SPL} extraction: an exploratory study},
  booktitle = {Proceedings of the 28th Annual {ACM} Symposium on Applied Computing,
               {SAC} '13, Coimbra, Portugal, March 18-22, 2013},
  pages     = {1031--1036},
  year      = {2013},
  crossref  = {DBLP:conf/sac/2013},
  url       = {http://doi.acm.org/10.1145/2480362.2480559},
  doi       = {10.1145/2480362.2480559},
  timestamp = {Mon, 05 Jun 2017 01:00:00 +0200},
  biburl    = {http://dblp.uni-trier.de/rec/bib/conf/sac/SantosGFN013},
  bibsource = {dblp computer science bibliography, http://dblp.org}
}

@inproceedings{DBLP:conf/seke/SantosSN11,
  author    = {Ismayle de Sousa Santos and
               Alcemir Rodrigues Santos and
               Pedro de Alc{\^{a}}ntara dos Santos Neto},
  title     = {Reusing Functional Testing in order to Decrease Performance and Stress
               Testing Costs},
  booktitle = {Proceedings of the 23rd International Conference on Software Engineering
               {\&} Knowledge Engineering (SEKE'2011), Eden Roc Renaissance, Miami
               Beach, USA, July 7-9, 2011},
  pages     = {470--474},
  year      = {2011},
  crossref  = {DBLP:conf/seke/2011},
  timestamp = {Tue, 11 Dec 2012 00:00:00 +0100},
  biburl    = {http://dblp.uni-trier.de/rec/bib/conf/seke/SantosSN11},
  bibsource = {dblp computer science bibliography, http://dblp.org}
}

@proceedings{DBLP:conf/sbcars/2017,
  title     = {Proceedings of the 11th Brazilian Symposium on Software Components,
               Architectures and Reuse, {SBCARS} 2017, Fortaleza, CE, Brazil, September
               18 - 19, 2017},
  publisher = {{ACM}},
  year      = {2017},
  url       = {http://doi.acm.org/10.1145/3132498},
  doi       = {10.1145/3132498},
  isbn      = {978-1-4503-5325-0},
  timestamp = {Wed, 13 Sep 2017 16:43:42 +0200},
  biburl    = {http://dblp.uni-trier.de/rec/bib/conf/sbcars/2017},
  bibsource = {dblp computer science bibliography, http://dblp.org}
}

@proceedings{DBLP:conf/sbcars/2016,
  title     = {2016 {X} Brazilian Symposium on Software Components, Architectures
               and Reuse, {SBCARS} 2016, Maring{\'{a}}, Brazil, September 19-20,
               2016},
  publisher = {{IEEE} Computer Society},
  year      = {2016},
  url       = {http://ieeexplore.ieee.org/xpl/mostRecentIssue.jsp?punumber=7784660},
  isbn      = {978-1-5090-5086-4},
  timestamp = {Tue, 10 Jan 2017 13:22:06 +0100},
  biburl    = {http://dblp.uni-trier.de/rec/bib/conf/sbcars/2016},
  bibsource = {dblp computer science bibliography, http://dblp.org}
}

@proceedings{DBLP:conf/splc/2016,
  editor    = {Hong Mei},
  title     = {Proceedings of the 20th International Systems and Software Product
               Line Conference, {SPLC} 2016, Beijing, China, September 16-23, 2016},
  publisher = {{ACM}},
  year      = {2016},
  url       = {http://dl.acm.org/citation.cfm?id=2934466},
  isbn      = {978-1-4503-4050-2},
  timestamp = {Wed, 28 Sep 2016 07:59:47 +0200},
  biburl    = {http://dblp.uni-trier.de/rec/bib/conf/splc/2016},
  bibsource = {dblp computer science bibliography, http://dblp.org}
}

@proceedings{DBLP:conf/ease/2015,
  editor    = {Jian Lv and
               He Jason Zhang and
               Muhammad Ali Babar},
  title     = {Proceedings of the 19th International Conference on Evaluation and
               Assessment in Software Engineering, {EASE} 2015, Nanjing, China, April
               27-29, 2015},
  publisher = {{ACM}},
  year      = {2015},
  url       = {http://dl.acm.org/citation.cfm?id=2745802},
  isbn      = {978-1-4503-3350-4},
  timestamp = {Fri, 01 May 2015 10:50:52 +0200},
  biburl    = {http://dblp.uni-trier.de/rec/bib/conf/ease/2015},
  bibsource = {dblp computer science bibliography, http://dblp.org}
}

@proceedings{DBLP:conf/splc/2015,
  editor    = {Douglas C. Schmidt},
  title     = {Proceedings of the 19th International Conference on Software Product
               Line, {SPLC} 2015, Nashville, TN, USA, July 20-24, 2015},
  publisher = {{ACM}},
  year      = {2015},
  url       = {http://dl.acm.org/citation.cfm?id=2791060},
  isbn      = {978-1-4503-3613-0},
  timestamp = {Fri, 14 Aug 2015 09:12:59 +0200},
  biburl    = {http://dblp.uni-trier.de/rec/bib/conf/splc/2015},
  bibsource = {dblp computer science bibliography, http://dblp.org}
}

@proceedings{DBLP:conf/sbcars/2014,
  title     = {Eighth Brazilian Symposium on Software Components, Architectures and
               Reuse, {SBCARS} 2014, Macei{\'{o}}, Alagoas, Brazil, September 29-30,
               2014},
  publisher = {{IEEE} Computer Society},
  year      = {2014},
  url       = {http://ieeexplore.ieee.org/xpl/mostRecentIssue.jsp?punumber=7001439},
  isbn      = {978-1-4799-7860-1},
  timestamp = {Mon, 02 Nov 2015 11:35:42 +0100},
  biburl    = {http://dblp.uni-trier.de/rec/bib/conf/sbcars/2014},
  bibsource = {dblp computer science bibliography, http://dblp.org}
}

@proceedings{DBLP:conf/vamos/2014,
  editor    = {Philippe Collet and
               Andrzej Wasowski and
               Thorsten Weyer},
  title     = {The Eighth International Workshop on Variability Modelling of Software-intensive
               Systems, VaMoS '14, Sophia Antipolis, France, January 22-24, 2014},
  publisher = {{ACM}},
  year      = {2014},
  url       = {http://dl.acm.org/citation.cfm?id=2556624},
  isbn      = {978-1-4503-2556-1},
  timestamp = {Mon, 13 Jan 2014 21:35:48 +0100},
  biburl    = {http://dblp.uni-trier.de/rec/bib/conf/vamos/2014},
  bibsource = {dblp computer science bibliography, http://dblp.org}
}

@proceedings{DBLP:conf/sac/2013,
  editor    = {Sung Y. Shin and
               Jos{\'{e}} Carlos Maldonado},
  title     = {Proceedings of the 28th Annual {ACM} Symposium on Applied Computing,
               {SAC} '13, Coimbra, Portugal, March 18-22, 2013},
  publisher = {{ACM}},
  year      = {2013},
  url       = {http://dl.acm.org/citation.cfm?id=2480362},
  isbn      = {978-1-4503-1656-9},
  timestamp = {Wed, 29 Mar 2017 16:45:25 +0200},
  biburl    = {http://dblp.uni-trier.de/rec/bib/conf/sac/2013},
  bibsource = {dblp computer science bibliography, http://dblp.org}
}

@proceedings{DBLP:conf/seke/2011,
  title     = {Proceedings of the 23rd International Conference on Software Engineering
               {\&} Knowledge Engineering (SEKE'2011), Eden Roc Renaissance, Miami
               Beach, USA, July 7-9, 2011},
  publisher = {Knowledge Systems Institute Graduate School},
  year      = {2011},
  isbn      = {1-891706-29-2},
  timestamp = {Fri, 09 Dec 2011 11:16:32 +0100},
  biburl    = {http://dblp.uni-trier.de/rec/bib/conf/seke/2011},
  bibsource = {dblp computer science bibliography, http://dblp.org}
}

